@article{nickolls2010gpu,
  title={The GPU computing era},
  author={Nickolls, John and Dally, William J},
  journal={IEEE micro},
  volume={30},
  number={2},
  year={2010},
  publisher={IEEE}
}

@incollection{bell2011thrust,
  title={Thrust: A productivity-oriented library for CUDA},
  author={Bell, Nathan and Hoberock, Jared},
  booktitle={GPU computing gems Jade edition},
  pages={359--371},
  year={2011},
  publisher={Elsevier}
}

@book{sanders2010cuda,
  title={CUDA by example: an introduction to general-purpose GPU programming},
  author={Sanders, Jason and Kandrot, Edward},
  year={2010},
  publisher={Addison-Wesley Professional}
}

@inproceedings{jones2012introduction,
  title={Introduction to dynamic parallelism},
  author={Jones, Stephen},
  booktitle={GPU Technology Conference Presentation S},
  volume={338},
  pages={2012},
  year={2012}
}

@article{merrill2011high,
  title={High performance and scalable radix sorting: A case study of implementing dynamic parallelism for GPU computing},
  author={Merrill, Duane and Grimshaw, Andrew},
  journal={Parallel Processing Letters},
  volume={21},
  number={02},
  pages={245--272},
  year={2011},
  publisher={World Scientific}
}

@inproceedings{kirk2007nvidia,
  title={NVIDIA CUDA software and GPU parallel computing architecture},
  author={Kirk, David and others},
  booktitle={ISMM},
  volume={7},
  pages={103--104},
  year={2007}
}

@article{duncan1990survey,
  title={A survey of parallel computer architectures},
  author={Duncan, Ralph},
  journal={Computer},
  volume={23},
  number={2},
  pages={5--16},
  year={1990},
  publisher={IEEE}
}
